<?xml version="1.0" encoding="UTF-8"?><collection xmlns="http://www.loc.gov/MARC21/slim"><record><leader>00617nam--2200205-i-4500</leader><controlfield tag="001">000030872</controlfield><controlfield tag="002">20161230</controlfield><controlfield tag="005">20161230201038</controlfield><controlfield tag="008">060222s1000------------r-----000-0-rus-d</controlfield><datafield ind1=" " ind2=" " tag="040"><subfield code="a">IFIN-HH</subfield></datafield><datafield ind1=" " ind2=" " tag="041"><subfield code="a">rus</subfield></datafield><datafield ind1=" " ind2=" " tag="080"><subfield code="a">537.534.35</subfield></datafield><datafield ind1="1" ind2=" " tag="100"><subfield code="a">Muller, E.W</subfield></datafield><datafield ind1="1" ind2="0" tag="245"><subfield code="a">Polevaia ionnaia mikroskopia polevaia ionizatia i polevoe isparenie</subfield><subfield code="c">E.w. mullet, t.t. tsong</subfield></datafield><datafield ind1=" " ind2=" " tag="260"><subfield code="a">Moskva</subfield><subfield code="b">Nauka</subfield><subfield code="c">1980</subfield></datafield><datafield ind1=" " ind2=" " tag="300"><subfield code="a">220P</subfield></datafield><datafield ind1=" " ind2=" " tag="500"><subfield code="a">Titlul Original In Limba Engleza: Field Ion Microscopy, Field Ionization And Field Evaporation</subfield></datafield><datafield ind1="1" ind2=" " tag="700"><subfield code="a">Tsong, T.T</subfield></datafield><datafield ind1=" " ind2=" " tag="852"><subfield code="a">49285</subfield><subfield code="c">539</subfield></datafield><datafield ind1=" " ind2=" " tag="CAT"><subfield code="a">Sys</subfield><subfield code="c">20111012</subfield><subfield code="h">153153</subfield></datafield></record></collection>